  @Book{car,
    title = {An {R} Companion to Applied Regression},
    edition = {2},
    author = {John Fox and Sanford Weisberg},
    year = {2011},
    publisher = {Sage},
    address = {Thousand Oaks {CA}},
    url = {http://socserv.socsci.mcmaster.ca/jfox/Books/Companion},
  }
  
  @Book{albers,
	location = {Wiesbaden},
	title = {Methodik der empirischen Forschung},
	isbn = {9783834917034  3834917036  3835000594 9783835000599},
	publisher = {Gabler},
	author = {Albers, Sönke},
	edition = {3},
	year = {2009},
	file = {Normalverteilungsannahme und Transformationen bei Regressionen:C:\Users\Stud811\AppData\Roaming\Mozilla\Firefox\Profiles\kdugyjrf.default\zotero\storage\GQI7XMD6\Normalverteilungsannahme und Transformationen bei Regressionen.pdf:application/pdf}
  }
  
   @Manual{rbase,
    title = {R: A Language and Environment for Statistical Computing},
    author = {{R Core Team}},
    organization = {R Foundation for Statistical Computing},
    address = {Vienna, Austria},
    year = {2012},
    note = {{ISBN} 3-900051-07-0},
    url = {http://www.R-project.org/},
  }
  
  
@book{huetter,
	location = {Frankfurt am Main; Aarau; Frankfurt am Main; Salzburg},
	edition = {6},
	title = {Wasser und Wasseruntersuchung: Methodik, Theorie und Praxis chemischer, chemisch-physikalischer, biologischer und bakteriologischer Untersuchungsverfahren},
	isbn = {3793550753  9783793550754  {379413270X}  9783794132706},
	shorttitle = {Wasser und Wasseruntersuchung},
	publisher = {Salle ; Sauerländer},
	author = {Hütter, Leonhard A},
	year = {1994}
}


@misc{papula,
	title = {Mathematik für Ingenieure und Naturwissenschaftler Band 2 : Ein Lehr- und Arbeitsbuch für das Grundstudium},
	shorttitle = {Mathematik für Ingenieure und Naturwissenschaftler Band 2},
	publisher = {Vieweg+Teubner Verlag / Springer Fachmedien Wiesbaden {GmbH}, Wiesbaden},
	author = {Papula, Lothar},
	year = {2011},
	keywords = {({DE}-588)4037944-9, Engineering, Engineering mathematics, Exakte Wissenschaften, Lehrbuch, Mathematik, Monographien, Online-Publikation, Reine Mathematik}
}